<record><leader>00000cas a2200000 a 4500</leader><controlfield tag="001">12130505</controlfield><controlfield tag="008">850607d18821970ksuwr ne      0    0eng d</controlfield><datafield ind1=" " ind2=" " tag="010"><subfield code="a">sn 85029224 </subfield></datafield><datafield ind1=" " ind2=" " tag="040"><subfield code="a">KSH</subfield><subfield code="b">eng</subfield><subfield code="c">KSH</subfield><subfield code="d">NPT</subfield><subfield code="d">OCL</subfield><subfield code="d">OCLCQ</subfield></datafield><datafield ind1=" " ind2=" " tag="042"><subfield code="a">msc</subfield></datafield><datafield ind1="0" ind2=" " tag="130"><subfield code="a">Tonganoxie mirror (Tonganoxie, Kan. : 1882)</subfield></datafield><datafield ind1="1" ind2="4" tag="245"><subfield code="a">The Tonganoxie mirror.</subfield></datafield><datafield ind1="1" ind2="3" tag="246"><subfield code="a">Tonganoxie mirror and McLouth record</subfield><subfield code="f">Dec. 13, 1883-Jan. 31, 1884</subfield></datafield><datafield ind1=" " ind2=" " tag="260"><subfield code="a">Tonganoxie, Kan. :</subfield><subfield code="b">Rev. Henry Osborn,</subfield><subfield code="c">1882-1970.</subfield></datafield><datafield ind1=" " ind2=" " tag="300"><subfield code="a">89 v. :</subfield><subfield code="b">ill. ;</subfield><subfield code="c">36-61 cm.</subfield></datafield><datafield ind1=" " ind2=" " tag="310"><subfield code="a">Weekly</subfield></datafield><datafield ind1="0" ind2=" " tag="362"><subfield code="a">Vol. 1, no. 1 (May 4, 1882)-v. 89, no. 1 (Apr. 30, 1970).</subfield></datafield><datafield ind1=" " ind2=" " tag="500"><subfield code="a">Includes section called: McLouth record, v. 1, no. 1 (Dec. 13, 1883)--v. 1, no. 9 (Jan. 31, 1884).</subfield></datafield><datafield ind1=" " ind2=" " tag="500"><subfield code="a">Publisher varies.</subfield></datafield><datafield ind1=" " ind2=" " tag="515"><subfield code="a">Numbering is irregular.</subfield></datafield><datafield ind1=" " ind2=" " tag="752"><subfield code="a">United States</subfield><subfield code="b">Kansas</subfield><subfield code="c">Leavenworth</subfield><subfield code="d">Tonganoxie.</subfield></datafield><datafield ind1="0" ind2="5" tag="780"><subfield code="t">Tonganoxie republican</subfield><subfield code="w">(DLC)sn 85029226</subfield></datafield><datafield ind1="0" ind2="0" tag="785"><subfield code="t">Tonganoxie mirror and the Leavenworth County news</subfield><subfield code="w">(DLC)sn 85029230</subfield></datafield></record>